<?xml version="1.0" encoding="UTF-8"?><collection xmlns="http://www.loc.gov/MARC21/slim"><record><leader>00390nam--2200145-i-4500</leader><controlfield tag="001">000033015</controlfield><controlfield tag="002">20161230</controlfield><controlfield tag="005">20161230201039</controlfield><controlfield tag="008">060222s1000------------r-----000-0-eng-d</controlfield><datafield ind1=" " ind2=" " tag="080"><subfield code="a">550.34(496.5)</subfield></datafield><datafield ind1=" " ind2=" " tag="100"><subfield code="a">Mihailovic, J</subfield></datafield><datafield ind1=" " ind2=" " tag="245"><subfield code="a">Mouvements seismique epiro-albanais</subfield></datafield><datafield ind1=" " ind2=" " tag="260"><subfield code="a">Beograd, Imprimerie D`Etat, 1927. 78p</subfield></datafield><datafield ind1=" " ind2=" " tag="490"><subfield code="a">Monographes Et Travaux Scientifiques</subfield></datafield><datafield ind1=" " ind2=" " tag="852"><subfield code="a">48002</subfield></datafield></record></collection>